<record><leader>00000cas a2200000 a 4500</leader><controlfield tag="001">10201267</controlfield><controlfield tag="008">831208d18091811ohuwr ne      0    0eng c</controlfield><datafield ind1=" " ind2=" " tag="010"><subfield code="a">sn 83035623 </subfield></datafield><datafield ind1=" " ind2=" " tag="040"><subfield code="a">NPY</subfield><subfield code="b">eng</subfield><subfield code="c">NPY</subfield><subfield code="d">NPV</subfield><subfield code="d">NPX</subfield><subfield code="d">DLC</subfield><subfield code="d">NPX</subfield><subfield code="d">ONP</subfield><subfield code="d">KNP</subfield><subfield code="d">ONP</subfield><subfield code="d">NVK</subfield><subfield code="d">OCL</subfield><subfield code="d">CVF</subfield><subfield code="d">DLC</subfield><subfield code="d">IUL</subfield><subfield code="d">KRTAS</subfield><subfield code="d">CUI</subfield><subfield code="d">OCLCQ</subfield><subfield code="d">OCLCF</subfield></datafield><datafield ind1="1" ind2=" " tag="029"><subfield code="a">AU@</subfield><subfield code="b">000020337661</subfield></datafield><datafield ind1=" " ind2=" " tag="042"><subfield code="a">pcc</subfield></datafield><datafield ind1=" " ind2=" " tag="043"><subfield code="a">n-us-oh</subfield></datafield><datafield ind1="0" ind2="0" tag="050"><subfield code="a">Newspaper 9214-X</subfield></datafield><datafield ind1=" " ind2="4" tag="050"><subfield code="a">AN</subfield></datafield><datafield ind1="0" ind2=" " tag="130"><subfield code="a">Independent Republican (Chillicothe, Ross County, Ohio)</subfield></datafield><datafield ind1="1" ind2="4" tag="245"><subfield code="a">The Independent Republican.</subfield></datafield><datafield ind1=" " ind2=" " tag="260"><subfield code="a">Chillicothe, Ohio :</subfield><subfield code="b">Peter Parcels,</subfield><subfield code="c">1809-1811.</subfield></datafield><datafield ind1=" " ind2=" " tag="300"><subfield code="a">v.</subfield></datafield><datafield ind1=" " ind2=" " tag="310"><subfield code="a">Weekly</subfield></datafield><datafield ind1="0" ind2=" " tag="362"><subfield code="a">Vol. 1, no. 1 (Sept. 8, 1809)-v. 2, no. 105 (Sept. 13, 1811).</subfield></datafield><datafield ind1=" " ind2=" " tag="500"><subfield code="a">"Independent Republican," &lt;1809&gt;.</subfield></datafield><datafield ind1=" " ind2=" " tag="530"><subfield code="a">Available on microfilm from Microfilm Corp., Cleveland, Ohio.</subfield></datafield><datafield ind1=" " ind2="0" tag="651"><subfield code="a">Chillicothe (Ross County, Ohio)</subfield><subfield code="v">Newspapers.</subfield></datafield><datafield ind1=" " ind2="0" tag="651"><subfield code="a">Ross County (Ohio)</subfield><subfield code="v">Newspapers.</subfield></datafield><datafield ind1=" " ind2="7" tag="655"><subfield code="a">Newspapers.</subfield><subfield code="2">fast</subfield><subfield code="0">(OCoLC)fst01423814</subfield></datafield><datafield ind1=" " ind2="7" tag="651"><subfield code="a">Ohio</subfield><subfield code="z">Chillicothe (Ross County)</subfield><subfield code="2">fast</subfield><subfield code="0">(OCoLC)fst01312400</subfield></datafield><datafield ind1=" " ind2="7" tag="651"><subfield code="a">Ohio</subfield><subfield code="z">Ross County.</subfield><subfield code="2">fast</subfield><subfield code="0">(OCoLC)fst01213452</subfield></datafield><datafield ind1=" " ind2=" " tag="752"><subfield code="a">United States</subfield><subfield code="b">Ohio</subfield><subfield code="c">Ross</subfield><subfield code="d">Chillicothe.</subfield></datafield><datafield ind1="0" ind2="0" tag="780"><subfield code="t">Fredonian (Chillicothe, Ross County, Ohio : 1807)</subfield><subfield code="w">(DLC)sn 83035622</subfield><subfield code="w">(OCoLC)10185914</subfield></datafield><datafield ind1="0" ind2="0" tag="785"><subfield code="t">Fredonian (Chillicothe, Ross County, Ohio : 1811)</subfield><subfield code="w">(DLC)sn 83035624</subfield><subfield code="w">(OCoLC)10185921</subfield></datafield><datafield ind1=" " ind2=" " tag="938"><subfield code="a">Kirtas Technologies, Inc.</subfield><subfield code="b">KRTS</subfield><subfield code="n">737948</subfield></datafield></record>